@misc{pgfplots,
  author = {PGFPlots},
  booktitle = {2016},
  title = {{A LaTeX Package to create normal/logarithmic plots in two and three dimensions.}},
  url = {http://pgfplots.sourceforge.net},
  urldate = {2018-06-30}
}

@misc{latextables,
  author = {WIKIBOOKS},
  booktitle = {2016},
  title = {LATEX Tables},
  url = {https://en.wikibooks.org/wiki/LaTeX/Tables},
  urldate = {2018-06-30}
}

@misc{inkscape,
  author = {Inkscape},
  booktitle = {2016},
  title = {{Draw Freely}},
  url = {https://inkscape.org/en/},
  urldate = {2018-06-30}
}
